@online{kub,
  author = {Kubernetes.io},
  title = {What is Kubernetes?},
  year = 2018,
  howpublished={\url{https://kubernetes.io/docs/concepts/overview/what-is-kubernetes/}},
  urldate = {2018-10-29}
}
@online{docker,
  author = {Why Docker},
  title = {Docker},
  year = 2018,
  howpublished={\url{https://www.docker.com/why-docker}},
  urldate = {2018-10-29}
}
@online{tech,
  author = {Techtarget.com},
  title = {TechTarget - Global Network of Information Technology Websites and Contributors},
  year = 2018,
  howpublished={\url{ https://www.techtarget.com/network}},
  urldate = {2018-10-29}
}