@misc{kub,
  author = {Kubernetes.io},
  title = {What is Kubernetes?},
  year = 2018,
  howpublished={\url{https://kubernetes.io/docs/concepts/overview/what-is-kubernetes/}},
  urldate = {2018-10-29}
}
@misc{docker,
  author = {Why Docker},
  title = {Docker},
  year = 2018,
  howpublished={\url{https://www.docker.com/why-docker}},
  urldate = {2018-10-29}
}
@misc{tech,
  author = {Techtarget.com},
  title = {TechTarget - Global Network of Information Technology Websites and Contributors},
  year = 2018,
  howpublished={\url{ https://www.techtarget.com/network}},
  urldate = {2018-10-29}
}
@misc{minikube,
author = {kubernetes.io},
title = {Running Kubernetes Locally via Minikube},
year = 2019,
howpublished={https://kubernetes.io/docs/setup/minikube/},
urldate = {2019-4-17}
}
    
@misc{docker_hosting,
  author = {Rancher},
  title = {Comparing Four Hosted Docker Registries},
  year = 2015,
  howpublished={\url{https://rancher.com/comparing-four-hosted-docker-registries/}},
  urldate = {2018-10-31}
}
@misc{kub_daniel_tech,
  author = {Twain Taylor},
  title = {KUBERNETES ALTERNATIVES: A LOOK AT SWARM, MARATHON, NOMAD, \& KONTENA},
  year = 2017,
  howpublished={\url{http://techgenix.com/kubernetes-alternatives/}},
  urldate = {2018-10-31}
}
@misc{quay,
  author = {Red Hat},
  title = {Red Hat Quay},
  year = 2018,
  howpublished={\url{https://www.openshift.com/products/quay}},
  urldate = {2018-10-29}
}
@misc{rh_vs_deb,
  author = {TechMint Editor},
  title = {RedHat vs Debian : Administrative Point of View},
  year = 2013,
  howpublished={\url{https://www.tecmint.com/redhat-vs-debian-administrative-point-of-view/}},
  urldate = {2018-10-29}
}
@misc{cent_vs_fed,
  author = {educba.com},
  title = {Difference Between CentOS vs Fedora},
  year = 2018,
  howpublished={\url{https://www.educba.com/centos-vs-fedora/}},
  urldate = {2018-10-29}
}
@misc{d_swarm,
  author = {Limor Wanstein},
  title = {Docker Swarm Concepts Tips and Tricks for a Docker Beginner },
  year = 2018,
  howpublished={\url{https://dev.to/limiw/docker-swarm-concepts-tips-and-tricks-for-a-docker-beginner-4j4h}},
  urldate = {2018-10-29}
}
@misc{kub2,
  author = {Kubernetes Documentation},
  title = {Kubernetes},
  year = 2018,
  howpublished={\url{https://kubernetes.io/docs/concepts/configuration/manage-compute-resources-container/}},
  urldate = {2018-10-29}
}
@misc{ vagrant,
author = {opensource.com},
title = {What is Vagrant?},
year = 2018,
howpublished={\url{https://opensource.com/resources/vagrant}},
urldate = {2018-10-2}
}
@misc{VagvDoc,
author = {Delicious Brains},
title = {Vagrant vs Docker: Which is better for WordPress development?},
year = 2016,
howpublished={\url{https://deliciousbrains.com/vagrant-docker-wordpress-development/}},
urldate = {2018-10-2}
}

@misc{TeamCity,
author = {upguard},
title = {TeamCity vs Jenkins for Continuous Integration.},
year = 2018,
howpublished={\url{https://www.upguard.com/articles/teamcity-vs.-jenkins-for-continuous-integration}},
urldate = {2018-10-2}
}

@misc{GradleAntMaven,
author = {Farcic V.},
title = {Java Build Tools: Ant vs Maven vs Gradle. Technology Conversations.},
year = 2014,
howpublished={\url{https://technologyconversations.com/2014/06/18/build-tools/}},
urldate = {2018-10-2}
}