@online{docker_hosting,
  author = {Rancher},
  title = {Comparing Four Hosted Docker Registries},
  year = 2015,
  howpublished={\url{https://rancher.com/comparing-four-hosted-docker-registries/}},
  urldate = {2018-10-31}
}
@online{kub,
  author = {Twain Taylor},
  title = {KUBERNETES ALTERNATIVES: A LOOK AT SWARM, MARATHON, NOMAD, \& KONTENA},
  year = 2017,
  howpublished={\url{http://techgenix.com/kubernetes-alternatives/}},
  urldate = {2018-10-31}
}
@online{quay,
  author = {Red Hat},
  title = {Red Hat Quay},
  year = 2018,
  howpublished={\url{https://www.openshift.com/products/quay}},
  urldate = {2018-10-29}
}
@online{rh_vs_deb,
  author = {TechMint Editor},
  title = {RedHat vs Debian : Administrative Point of View},
  year = 2013,
  howpublished={\url{https://www.tecmint.com/redhat-vs-debian-administrative-point-of-view/}},
  urldate = {2018-10-29}
}
@online{cent_vs_fed,
  author = {educba.com},
  title = {Difference Between CentOS vs Fedora},
  year = 2018,
  howpublished={\url{https://www.educba.com/centos-vs-fedora/}},
  urldate = {2018-10-29}
}
@online{d_swarm,
  author = {Limor Wanstein},
  title = {Docker Swarm Concepts Tips and Tricks for a Docker Beginner },
  year = 2018,
  howpublished={\url{https://dev.to/limiw/docker-swarm-concepts-tips-and-tricks-for-a-docker-beginner-4j4h}},
  urldate = {2018-10-29}
}
@online{kub2,
  author = {Kubernetes Documentation},
  title = {Kubernetes},
  year = 2018,
  howpublished={\url{https://kubernetes.io/docs/concepts/configuration/manage-compute-resources-container/}},
  urldate = {2018-10-29}
}
